<?xml version="1.0" encoding="UTF-8"?><collection xmlns="http://www.loc.gov/MARC21/slim"><record><leader>00397nam--2200157-i-4500</leader><controlfield tag="001">000010760</controlfield><controlfield tag="002">20161230</controlfield><controlfield tag="005">20170116001210</controlfield><controlfield tag="008">060222s1000------------r-----000-0-eng-d</controlfield><datafield ind1=" " ind2=" " tag="080"><subfield code="a">621.375.826(083)</subfield></datafield><datafield ind1=" " ind2=" " tag="245"><subfield code="a">Laser handbook</subfield></datafield><datafield ind1=" " ind2=" " tag="260"><subfield code="a">Amsterdam</subfield><subfield code="b">North-Holland Publ.Co</subfield><subfield code="c">1972</subfield></datafield><datafield ind1=" " ind2=" " tag="300"><subfield code="a">XXVIII + /1028-1948 p.</subfield></datafield><datafield ind1=" " ind2=" " tag="700"><subfield code="a">Arecchi, F. T</subfield></datafield><datafield ind1=" " ind2=" " tag="852"><subfield code="a">38332</subfield></datafield><datafield ind1=" " ind2=" " tag="CAT"><subfield code="a">SYS</subfield><subfield code="c">20170116</subfield><subfield code="h">001210</subfield></datafield></record></collection>